<record><leader>00000cas a2200000 a 4500</leader><controlfield tag="001">30017815</controlfield><controlfield tag="008">940324d19431989iluwr ne      0   a0eng c</controlfield><datafield ind1=" " ind2=" " tag="010"><subfield code="a">sn 94054667 </subfield></datafield><datafield ind1=" " ind2=" " tag="040"><subfield code="a">NVF</subfield><subfield code="b">eng</subfield><subfield code="c">NVF</subfield><subfield code="d">CVF</subfield><subfield code="d">OCLCQ</subfield><subfield code="d">NVF</subfield><subfield code="d">OCLCO</subfield><subfield code="d">OCLCF</subfield></datafield><datafield ind1="1" ind2=" " tag="029"><subfield code="a">AU@</subfield><subfield code="b">000025885968</subfield></datafield><datafield ind1=" " ind2=" " tag="042"><subfield code="a">pcc</subfield></datafield><datafield ind1=" " ind2=" " tag="043"><subfield code="a">n-us-il</subfield></datafield><datafield ind1="0" ind2="0" tag="245"><subfield code="a">Ravenswood-Lincolnite.</subfield></datafield><datafield ind1="3" ind2=" " tag="246"><subfield code="a">Ravenswood Lincolnite</subfield></datafield><datafield ind1=" " ind2=" " tag="260"><subfield code="a">Chicago [Ill.] :</subfield><subfield code="b">A.O. Caplan,</subfield><subfield code="c">1943-1989.</subfield></datafield><datafield ind1=" " ind2=" " tag="300"><subfield code="a">v.</subfield></datafield><datafield ind1=" " ind2=" " tag="310"><subfield code="a">Weekly,</subfield><subfield code="b">Nov. 4, 1947-Apr. 4, 1989</subfield></datafield><datafield ind1=" " ind2=" " tag="321"><subfield code="a">Semiweekly,</subfield><subfield code="b">Feb. 17, 1943-Oct. 28, 1947</subfield></datafield><datafield ind1="0" ind2=" " tag="362"><subfield code="a">Vol. 41, no. 12 (Feb. 17, 1943)-v. 87, no. 14 (Apr. 4, 1989).</subfield></datafield><datafield ind1=" " ind2=" " tag="580"><subfield code="a">Published on Sunday in a combined edition as: North Side Sunday Star, Feb. 21, 1943-&lt;Oct. 28, 1947&gt;.</subfield></datafield><datafield ind1=" " ind2=" " tag="580"><subfield code="a">Formed by the union of: Lincolnite and the Lincoln Square news and: Ravenswood news and Northcenter commercial.</subfield></datafield><datafield ind1=" " ind2="0" tag="650"><subfield code="a">Community newspapers</subfield><subfield code="z">Illinois</subfield><subfield code="z">Chicago.</subfield></datafield><datafield ind1=" " ind2="0" tag="651"><subfield code="a">Ravenswood (Chicago, Ill.)</subfield><subfield code="v">Newspapers.</subfield></datafield><datafield ind1=" " ind2="0" tag="651"><subfield code="a">Lincoln Square (Chicago, Ill.)</subfield><subfield code="v">Newspapers.</subfield></datafield><datafield ind1=" " ind2="7" tag="655"><subfield code="a">Newspapers.</subfield><subfield code="2">fast</subfield><subfield code="0">(OCoLC)fst01423814</subfield></datafield><datafield ind1=" " ind2="7" tag="650"><subfield code="a">Community newspapers.</subfield><subfield code="2">fast</subfield><subfield code="0">(OCoLC)fst00871103</subfield></datafield><datafield ind1=" " ind2="7" tag="651"><subfield code="a">Illinois</subfield><subfield code="z">Chicago.</subfield><subfield code="2">fast</subfield><subfield code="0">(OCoLC)fst01204048</subfield></datafield><datafield ind1=" " ind2="7" tag="651"><subfield code="a">Illinois</subfield><subfield code="z">Chicago</subfield><subfield code="z">Lincoln Square.</subfield><subfield code="2">fast</subfield><subfield code="0">(OCoLC)fst01328258</subfield></datafield><datafield ind1=" " ind2="7" tag="651"><subfield code="a">Illinois</subfield><subfield code="z">Chicago</subfield><subfield code="z">Ravenswood.</subfield><subfield code="2">fast</subfield><subfield code="0">(OCoLC)fst01329781</subfield></datafield><datafield ind1=" " ind2=" " tag="752"><subfield code="a">United States</subfield><subfield code="b">Illinois</subfield><subfield code="c">Cook County</subfield><subfield code="d">Chicago.</subfield></datafield><datafield ind1="1" ind2=" " tag="775"><subfield code="t">North Side Sunday star</subfield><subfield code="w">(DLC)sn 96070076</subfield><subfield code="w">(OCoLC)35559888</subfield></datafield><datafield ind1="1" ind2="4" tag="780"><subfield code="t">Lincolnite and the Lincoln Square news</subfield><subfield code="w">(DLC)sn 96070056</subfield><subfield code="w">(OCoLC)35413828</subfield></datafield><datafield ind1="1" ind2="4" tag="780"><subfield code="t">Ravenswood news and Northcenter commercial</subfield><subfield code="w">(DLC)sn 96070040</subfield><subfield code="w">(OCoLC)35452940</subfield></datafield><datafield ind1="0" ind2="0" tag="785"><subfield code="t">Lincolnite news-star</subfield><subfield code="w">(DLC)sn 96070052</subfield><subfield code="w">(OCoLC)35423002</subfield></datafield></record>